@inproceedings{Gralha:2018,
 author = {Gralha, Catarina and Damian, Daniela and Wasserman, Anthony I. (Tony) and Goul\~{a}o, Miguel and Ara\'{u}jo, Jo\~{a}o},
 title = {The Evolution of Requirements Practices in Software Startups},
 booktitle = {Proceedings of the 40th International Conference on Software Engineering},
 series = {ICSE '18},
 year = {2018},
 isbn = {978-1-4503-5638-1},
 location = {Gothenburg, Sweden},
 pages = {823--833},
 numpages = {11},
 url = {http://doi.acm.org.ezproxy.morris.umn.edu/10.1145/3180155.3180158},
 doi = {10.1145/3180155.3180158},
 acmid = {3180158},
 publisher = {ACM},
 address = {New York, NY, USA},
 keywords = {evolution, grounded theory, requirements engineering, startups},
} 